<?xml version="1.0" encoding="UTF-8"?>
<collection xmlns:xsi="http://www.w3.org/2001/XMLSchema-instance" xsi:schemaLocation="http://www.loc.gov/MARC21/slim http://www.loc.gov/standards/marcxml/schema/MARC21slim.xsd" xmlns="http://www.loc.gov/MARC21/slim">
<record>
  <leader>00682nam a22002051  4500</leader>
  <controlfield tag="001">2421653</controlfield>
  <controlfield tag="003">NNC</controlfield>
  <controlfield tag="005">20030429125527.0</controlfield>
  <controlfield tag="008">000124m19631964iq b          000 0 ara d</controlfield>
  <datafield tag="035" ind1=" " ind2=" ">
    <subfield code="a">(OCoLC)ocm43336662</subfield>
  </datafield>
  <datafield tag="035" ind1=" " ind2=" ">
    <subfield code="9">APW5655CU</subfield>
  </datafield>
  <datafield tag="040" ind1=" " ind2=" ">
    <subfield code="a">ZCU</subfield>
    <subfield code="c">ZCU</subfield>
  </datafield>
  <datafield tag="090" ind1=" " ind2=" ">
    <subfield code="a">HG1551</subfield>
    <subfield code="b">.A4</subfield>
  </datafield>
  <datafield tag="100" ind1="1" ind2=" ">
    <subfield code="a">Āl-Jāsim, Muhammad ʻAlī Ridā.</subfield>
  </datafield>
  <datafield tag="245" ind1="1" ind2="3">
    <subfield code="a">al-Iʾtimān wa-al-sayrafah fī al-ʻIrāq al-qadīm</subfield>
    <subfield code="c">[taʾlīf] Muchammad ʻȦlī Ridā Āl-Jāsim.</subfield>
  </datafield>
  <datafield tag="260" ind1=" " ind2=" ">
    <subfield code="a">Baghdād,</subfield>
    <subfield code="b">Matābi ʻDārȧl-Tadāmun,</subfield>
    <subfield code="c">1963-1964.</subfield>
  </datafield>
  <datafield tag="300" ind1=" " ind2=" ">
    <subfield code="a">125 p.</subfield>
    <subfield code="b">fold. map.</subfield>
  </datafield>
  <datafield tag="504" ind1=" " ind2=" ">
    <subfield code="a">Bibliography: p. 123-124.</subfield>
  </datafield>
  <datafield tag="650" ind1=" " ind2="0">
    <subfield code="a">Banks and banking</subfield>
    <subfield code="z">Iraq</subfield>
    <subfield code="z">Babylon (Extinct city)</subfield>
  </datafield>
  <datafield tag="955" ind1=" " ind2=" ">
    <subfield code="b">CU52809323</subfield>
    <subfield code="d">off,glx</subfield>
    <subfield code="e">HG1551 .A4</subfield>
  </datafield>
</record>
</collection>